@ARTICLE{integerLatticeDynamics,
   author = {{Mocz}, P. and {Succi}, S.},
    title = "{Integer lattice dynamics for Vlasov-Poisson}",
  journal = {\mnras},
archivePrefix = "arXiv",
   eprint = {1611.02757},
 keywords = {gravitation, methods: numerical, stars: kinematics and dynamics, galaxies: kinematics and dynamics, dark matter},
     year = 2017,
    month = mar,
   volume = 465,
    pages = {3154-3162},
      doi = {10.1093/mnras/stw2928},
   adsurl = {https://ui.adsabs.harvard.edu/abs/2017MNRAS.465.3154M},
  adsnote = {Provided by the SAO/NASA Astrophysics Data System}
}

@ARTICLE{latticeStellarDynamics,
   author = {{Syer}, D. and {Tremaine}, S.},
    title = "{Lattice stellar dynamics}",
  journal = {\mnras},
   eprint = {astro-ph/9503104},
 keywords = {METHODS: NUMERICAL, CELESTIAL MECHANICS, STELLAR DYNAMICS, STARS: KINEMATICS},
     year = 1995,
    month = sep,
   volume = 276,
    pages = {467-475},
      doi = {10.1093/mnras/276.2.467},
   adsurl = {https://ui.adsabs.harvard.edu/abs/1995MNRAS.276..467S},
  adsnote = {Provided by the SAO/NASA Astrophysics Data System}
}

@ARTICLE{2013ApJ...762..116Y,
   author = {{Yoshikawa}, K. and {Yoshida}, N. and {Umemura}, M.},
    title = "{Direct Integration of the Collisionless Boltzmann Equation in Six-dimensional Phase Space: Self-gravitating Systems}",
  journal = {\apj},
archivePrefix = "arXiv",
   eprint = {1206.6152},
 primaryClass = "astro-ph.IM",
 keywords = {galaxies: kinematics and dynamics, methods: numerical },
     year = 2013,
    month = jan,
   volume = 762,
      eid = {116},
    pages = {116},
      doi = {10.1088/0004-637X/762/2/116},
   adsurl = {https://ui.adsabs.harvard.edu/abs/2013ApJ...762..116Y},
  adsnote = {Provided by the SAO/NASA Astrophysics Data System}
}

@ARTICLE{2016MNRAS.455.1115H,
       author = {{Hahn}, Oliver and {Angulo}, Raul E.},
        title = "{An adaptively refined phase-space element method for cosmological simulations and collisionless dynamics}",
      journal = {\mnras},
     keywords = {methods: numerical, galaxies: kinematics and dynamics, cosmology: theory, dark matter, large-scale structure of Universe, Astrophysics - Cosmology and Nongalactic Astrophysics, Astrophysics - Astrophysics of Galaxies, Astrophysics - Instrumentation and Methods for Astrophysics},
         year = "2016",
        month = "Jan",
       volume = {455},
       number = {1},
        pages = {1115-1133},
          doi = {10.1093/mnras/stv2304},
archivePrefix = {arXiv},
       eprint = {1501.01959},
 primaryClass = {astro-ph.CO},
       adsurl = {https://ui.adsabs.harvard.edu/abs/2016MNRAS.455.1115H},
      adsnote = {Provided by the SAO/NASA Astrophysics Data System}
}



@ARTICLE{2001NewA....6...79S,
   author = {{Springel}, V. and {Yoshida}, N. and {White}, S.~D.~M.},
    title = "{GADGET: a code for collisionless and gasdynamical cosmological simulations}",
  journal = {\na},
   eprint = {astro-ph/0003162},
     year = 2001,
    month = apr,
   volume = 6,
    pages = {79-117},
      doi = {10.1016/S1384-1076(01)00042-2},
   adsurl = {https://ui.adsabs.harvard.edu/abs/2001NewA....6...79S},
  adsnote = {Provided by the SAO/NASA Astrophysics Data System}
}

@ARTICLE{beyondColl,
   author = {{Tulin}, S. and {Yu}, H.-B. and {Zurek}, K.~M.},
    title = "{Beyond collisionless dark matter: Particle physics dynamics for dark matter halo structure}",
  journal = {\prd},
archivePrefix = "arXiv",
   eprint = {1302.3898},
 primaryClass = "hep-ph",
 keywords = {Dark matter, Cosmology},
     year = 2013,
    month = jun,
   volume = 87,
   number = 11,
      eid = {115007},
    pages = {115007},
      doi = {10.1103/PhysRevD.87.115007},
   adsurl = {https://ui.adsabs.harvard.edu/abs/2013PhRvD..87k5007T},
  adsnote = {Provided by the SAO/NASA Astrophysics Data System}
}

@mastersthesis{franco,
  author       = {Sebastián Franco Ulloa}, 
  title        = {Simulaciones de un fluido débilmente auto-interactuante con métodos de Lattice-Boltzmann},
  school       = {Universidad de los Andes},
  year         = 2017,
  month        = 5,
}

@ARTICLE{1992PhyD...56....1E,
   author = {{Earn}, D.~J.~D. and {Tremaine}, S.},
    title = "{Exact numerical studies of Hamiltonian maps: Iterating without roundoff error}",
  journal = {Physica D Nonlinear Phenomena},
 keywords = {integer maps, celestial mechanics, Hamiltonian dynamics,  orbit integration},
     year = 1992,
    month = apr,
   volume = 56,
    pages = {1-22},
      doi = {10.1016/0167-2789(92)90047-Q},
   adsurl = {https://ui.adsabs.harvard.edu/abs/1992PhyD...56....1E},
  adsnote = {Provided by the SAO/NASA Astrophysics Data System}
}



@INPROCEEDINGS{mariangela,
   author = {{Lisanti}, M.},
    title = "{Lectures on Dark Matter Physics}",
booktitle = {New Frontiers in Fields and Strings (TASI 2015},
     year = 2017,
archivePrefix = "arXiv",
   eprint = {1603.03797},
 primaryClass = "hep-ph",
   editor = {{Polchinski}, J. and {et al.}},
    pages = {399-446},
      doi = {10.1142/9789813149441_0007},
   adsurl = {https://ui.adsabs.harvard.edu/abs/2017tasi.conf..399L},
  adsnote = {Provided by the SAO/NASA Astrophysics Data System}
}


@book{textLatBoltzmann,
author = {Jian Guo Zhou, Dr},
year = {2004},
month = {01},
pages = {19-33},
title = {Lattice Boltzmann Method},
isbn = {978-3-642-07393-9}
}

@ARTICLE{2014arXiv1409.8116F,
       author = {{Fuka}, Vladim{\'\i}r},
        title = "{PoisFFT - A Free Parallel Fast Poisson Solver}",
      journal = {arXiv e-prints},
     keywords = {Mathematics - Numerical Analysis, 65Y05, 65N06, 65N35, 76F65, G.1.2, G.1.8},
         year = "2014",
        month = "Sep",
          eid = {arXiv:1409.8116},
        pages = {arXiv:1409.8116},
archivePrefix = {arXiv},
       eprint = {1409.8116},
 primaryClass = {math.NA},
       adsurl = {https://ui.adsabs.harvard.edu/abs/2014arXiv1409.8116F},
      adsnote = {Provided by the SAO/NASA Astrophysics Data System}
}



@BOOK{computerUsingParticles,
   author = {{Hockney}, R.~W. and {Eastwood}, J.~W.},
    title = "{Computer Simulation Using Particles}",
booktitle = {Computer Simulation Using Particles, New York: McGraw-Hill, 1981},
     year = 1981,
   adsurl = {https://ui.adsabs.harvard.edu/abs/1981csup.book.....H},
  adsnote = {Provided by the SAO/NASA Astrophysics Data System}
}

@book{liddleCosmology,
   title =     {An Introduction to Modern Cosmology},
   author =    {Andrew Liddle},
   publisher = {Wiley},
   isbn =      {9780470848340,9780470848357,9780470864531,0470848340,0470848359},
   year =      {2003},
   edition =   {2nd ed},
}


@book{parnovskyCosmology,
   title =     {How the Universe Works: Introduction to Modern Cosmology},
   author =    {Serge Parnovsky, Aleksei Parnowski},
   publisher = {World Scientific Publishing},
   isbn =      {9813234946,9789813234949,9813234954,9789813234956},
   year =      {2018},
}


@ARTICLE{tasiCline,
   author = {{Cline}, J.~M.},
    title = "{TASI Lectures on Early Universe Cosmology: Inflation, Baryogenesis and Dark Matter}",
  journal = {arXiv e-prints},
archivePrefix = "arXiv",
   eprint = {1807.08749},
 primaryClass = "hep-ph",
 keywords = {High Energy Physics - Phenomenology, Astrophysics - Cosmology and Nongalactic Astrophysics},
     year = 2018,
    month = jul,
   adsurl = {https://ui.adsabs.harvard.edu/abs/2018arXiv180708749C},
  adsnote = {Provided by the SAO/NASA Astrophysics Data System}
}


@ARTICLE{englishZwicky,
   author = {{Andernach}, H. and {Zwicky}, F.},
    title = "{English and Spanish Translation of Zwicky's (1933) The Redshift of Extragalactic Nebulae}",
  journal = {arXiv e-prints},
archivePrefix = "arXiv",
   eprint = {1711.01693},
 primaryClass = "astro-ph.IM",
 keywords = {Astrophysics - Instrumentation and Methods for Astrophysics, Astrophysics - Astrophysics of Galaxies},
     year = 2017,
    month = nov,
   adsurl = {https://ui.adsabs.harvard.edu/abs/2017arXiv171101693A},
  adsnote = {Provided by the SAO/NASA Astrophysics Data System}
}


@ARTICLE{schwarzschildSon,
   author = {{Schwarzschild}, M.},
    title = "{Mass distribution and mass-luminosity ratio in galaxies}",
  journal = {\aj},
     year = 1954,
    month = sep,
   volume = 59,
    pages = {273},
      doi = {10.1086/107013},
   adsurl = {https://ui.adsabs.harvard.edu/abs/1954AJ.....59..273S},
  adsnote = {Provided by the SAO/NASA Astrophysics Data System}
}


@ARTICLE{penzias,
   author = {{Penzias}, A.~A.},
    title = "{Free Hydrogen in the Pegasus I Cluster of Galaxies.}",
  journal = {\aj},
     year = 1961,
    month = mar,
   volume = 66,
    pages = {293},
      doi = {10.1086/108555},
   adsurl = {https://ui.adsabs.harvard.edu/abs/1961AJ.....66R.293P},
  adsnote = {Provided by the SAO/NASA Astrophysics Data System}
}

@ARTICLE{meekins,
   author = {{Meekins}, J.~F. and {Fritz}, G. and {Chubb}, T.~A. and {Friedman}, H.
	},
    title = "{Physical Sciences: X-rays from the Coma Cluster of Galaxies}",
  journal = {\nat},
     year = 1971,
    month = may,
   volume = 231,
    pages = {107-108},
      doi = {10.1038/231107a0},
   adsurl = {https://ui.adsabs.harvard.edu/abs/1971Natur.231..107M},
  adsnote = {Provided by the SAO/NASA Astrophysics Data System}
}

@ARTICLE{chandrasekhar,
   author = {{Chandrasekhar}, I.~S.},
    title = "{The Time of Relaxation of Stellar Systems.}",
  journal = {\apj},
     year = 1941,
    month = mar,
   volume = 93,
    pages = {285},
      doi = {10.1086/144265},
   adsurl = {https://ui.adsabs.harvard.edu/abs/1941ApJ....93..285C},
  adsnote = {Provided by the SAO/NASA Astrophysics Data System}
}

@ARTICLE{rotCurvesSIm,
   author = {{Xiaochun}, M. and {Kuan}, X. and {Ping}, Y.},
    title = "{The Calculations of Gravity Fields and Rotation Curves of Whirlpool Galaxies and Dark Material}",
  journal = {arXiv e-prints},
archivePrefix = "arXiv",
   eprint = {0903.1962},
 primaryClass = "physics.gen-ph",
 keywords = {Physics - General Physics},
     year = 2009,
    month = mar,
   adsurl = {https://ui.adsabs.harvard.edu/abs/2009arXiv0903.1962X},
  adsnote = {Provided by the SAO/NASA Astrophysics Data System}
}

@ARTICLE{h21Line,
   author = {{Rogstad}, D.~H. and {Shostak}, G.~S.},
    title = "{Gross Properties of Five Scd Galaxies as Determined from 21-CENTIMETER Observations}",
  journal = {\apj},
     year = 1972,
    month = sep,
   volume = 176,
    pages = {315},
      doi = {10.1086/151636},
   adsurl = {https://ui.adsabs.harvard.edu/abs/1972ApJ...176..315R},
  adsnote = {Provided by the SAO/NASA Astrophysics Data System}
}

@ARTICLE{galactoDistance,
   author = {{Roberts}, M.~S. and {Whitehurst}, R.~N.},
    title = "{The rotation curve and geometry of M31 at large galactocentric distances.}",
  journal = {\apj},
     year = 1975,
    month = oct,
   volume = 201,
    pages = {327-346},
      doi = {10.1086/153889},
   adsurl = {https://ui.adsabs.harvard.edu/abs/1975ApJ...201..327R},
  adsnote = {Provided by the SAO/NASA Astrophysics Data System}
}

@ARTICLE{veraFirst,
   author = {{Rubin}, V.~C. and {Ford}, Jr., W.~K.},
    title = "{Rotation of the Andromeda Nebula from a Spectroscopic Survey of Emission Regions}",
  journal = {\apj},
     year = 1970,
    month = feb,
   volume = 159,
    pages = {379},
      doi = {10.1086/150317},
   adsurl = {https://ui.adsabs.harvard.edu/abs/1970ApJ...159..379R},
  adsnote = {Provided by the SAO/NASA Astrophysics Data System}
}

@ARTICLE{theIsMassOutside,
   author = {{Ostriker}, J.~P. and {Peebles}, P.~J.~E. and {Yahil}, A.},
    title = "{The size and mass of galaxies, and the mass of the universe}",
  journal = {\apjl},
 keywords = {Cosmology, Size Determination, Spiral Galaxies, Density Distribution, Galactic Structure, Mass, Mass Ratios, Stellar Luminosity},
     year = 1974,
    month = oct,
   volume = 193,
    pages = {L1-L4},
      doi = {10.1086/181617},
   adsurl = {https://ui.adsabs.harvard.edu/abs/1974ApJ...193L...1O},
  adsnote = {Provided by the SAO/NASA Astrophysics Data System}
}

@ARTICLE{FWN,
   author = {{Navarro}, J.~F. and {Frenk}, C.~S. and {White}, S.~D.~M.},
    title = "{The Structure of Cold Dark Matter Halos}",
  journal = {\apj},
   eprint = {astro-ph/9508025},
 keywords = {COSMOLOGY: THEORY, COSMOLOGY: DARK MATTER, GALAXIES: HALOS, METHODS: NUMERICAL},
     year = 1996,
    month = may,
   volume = 462,
    pages = {563},
      doi = {10.1086/177173},
   adsurl = {https://ui.adsabs.harvard.edu/abs/1996ApJ...462..563N},
  adsnote = {Provided by the SAO/NASA Astrophysics Data System}
}

@Article{FFTW,
  author = 	 {Frigo, Matteo and Johnson, Steven~G.},
  title = 	 {The Design and Implementation of {FFTW3}},
  journal =  {Proceedings of the IEEE},
  year = 	 2005,
  volume =	 93,
  number =	 2,
  pages =	 {216--231},
  note =	 {Special issue on ``Program Generation, Optimization, and Platform Adaptation''}
}


@phdthesis{asinari,
    title    = {Multi-Scale Analysis of Heat and Mass Transfer in Mini/Micro-Structures},
    school   = {Politecnico di Torino},
    author   = {Asinari, Prieto},
    chapter  = 8,
    year     = {2005},
}

@book{book:75350,
   title =     {An introduction to modern astrophysics},
   author =    {Carroll B.W., Ostlie D.A.},
   publisher = {},
   isbn =      {0321442849,9780321442840},
   year =      {2007},
   edition =   {2ed., Pearson},

}


@book{book:75345,
   title =     {Galaxies in the Universe: An Introduction},
   author =    {Linda S. Sparke, John S. Gallagher  III},
   publisher = {Cambridge University Press},
   isbn =      {0521855934,9780521855938,0521671868,9780521671866},
   year =      {2007},
   series =    {},
   edition =   {2},
   volume =    {},

}

@ARTICLE{singleRelaxTimes0,
   author = {{Ansumali}, S. and {Karlin}, I.~V.},
    title = "{Single relaxation time model for entropic lattice Boltzmann methods}",
  journal = {\pre},
 keywords = {Nonequilibrium and irreversible thermodynamics},
     year = 2002,
    month = may,
   volume = 65,
   number = 5,
      eid = {056312},
    pages = {056312},
      doi = {10.1103/PhysRevE.65.056312},
   adsurl = {https://ui.adsabs.harvard.edu/abs/2002PhRvE..65e6312A},
  adsnote = {Provided by the SAO/NASA Astrophysics Data System}
}

@ARTICLE{2013JCAP07016N,
   author = {{Nesti}, F. and {Salucci}, P.},
    title = "{The Dark Matter halo of the Milky Way, AD 2013}",
  journal = {\jcap},
archivePrefix = "arXiv",
   eprint = {1304.5127},
     year = 2013,
    month = jul,
   volume = 7,
      eid = {016},
    pages = {016},
      doi = {10.1088/1475-7516/2013/07/016},
   adsurl = {https://ui.adsabs.harvard.edu/abs/2013JCAP...07..016N},
  adsnote = {Provided by the SAO/NASA Astrophysics Data System}
}


@ARTICLE{2012PDU150K,
   author = {{Kuhlen}, M. and {Vogelsberger}, M. and {Angulo}, R.},
    title = "{Numerical simulations of the dark universe: State of the art and the next decade}",
  journal = {Physics of the Dark Universe},
archivePrefix = "arXiv",
   eprint = {1209.5745},
 primaryClass = "astro-ph.CO",
     year = 2012,
    month = nov,
   volume = 1,
    pages = {50-93},
      doi = {10.1016/j.dark.2012.10.002},
   adsurl = {http://adsabs.harvard.edu/abs/2012PDU.....1...50K},
  adsnote = {Provided by the SAO/NASA Astrophysics Data System}
}

@ARTICLE{1985ApJ292371D,
   author = {{Davis}, M. and {Efstathiou}, G. and {Frenk}, C.~S. and {White}, S.~D.~M.
	},
    title = "{The evolution of large-scale structure in a universe dominated by cold dark matter}",
  journal = {\apj},
 keywords = {Computational Astrophysics, Cosmology, Galactic Clusters, Galactic Evolution, Missing Mass (Astrophysics), Weak Interactions (Field Theory), Astronomical Models, Computerized Simulation, Correlation, Many Body Problem, Mass Distribution, Mass To Light Ratios, Matter (Physics), Radial Velocity, Red Shift},
     year = 1985,
    month = may,
   volume = 292,
    pages = {371-394},
      doi = {10.1086/163168},
   adsurl = {https://ui.adsabs.harvard.edu/abs/1985ApJ...292..371D},
  adsnote = {Provided by the SAO/NASA Astrophysics Data System}
}


@ARTICLE{1988PhRvL..61.2332M,
   author = {{McNamara}, G.~R. and {Zanetti}, G.},
    title = "{Use of the Boltzmann equation to simulate lattice-gas automata}",
  journal = {Physical Review Letters},
 keywords = {Automata Theory, Boltzmann Transport Equation, Hydrodynamic Equations, Chapman-Enskog Theory, Computerized Simulation, Lattices (Mathematics), Navier-Stokes Equation},
     year = 1988,
    month = nov,
   volume = 61,
    pages = {2332-2335},
      doi = {10.1103/PhysRevLett.61.2332},
   adsurl = {https://ui.adsabs.harvard.edu/abs/1988PhRvL..61.2332M},
  adsnote = {Provided by the SAO/NASA Astrophysics Data System}
}

@ARTICLE{2005MNRAS.359..123A,
   author = {{Alard}, C. and {Colombi}, S.},
    title = "{A cloudy Vlasov solution}",
  journal = {\mnras},
   eprint = {astro-ph/0406617},
 keywords = {gravitation, methods: numerical, galaxies: kinematics and dynamics, dark matter},
     year = 2005,
    month = may,
   volume = 359,
    pages = {123-163},
      doi = {10.1111/j.1365-2966.2005.08889.x},
   adsurl = {https://ui.adsabs.harvard.edu/abs/2005MNRAS.359..123A},
  adsnote = {Provided by the SAO/NASA Astrophysics Data System}
}


@ARTICLE{2014MNRAS.441.2414C,
   author = {{Colombi}, S. and {Touma}, J.},
    title = "{Vlasov-Poisson in 1D: waterbags}",
  journal = {\mnras},
 keywords = {gravitation, methods: numerical, galaxies: kinematics and dynamics, dark matter},
     year = 2014,
    month = jul,
   volume = 441,
    pages = {2414-2432},
      doi = {10.1093/mnras/stu739},
   adsurl = {https://ui.adsabs.harvard.edu/abs/2014MNRAS.441.2414C},
  adsnote = {Provided by the SAO/NASA Astrophysics Data System}
}



@ARTICLE{1954PhRv...94..511B,
   author = {{Bhatnagar}, P.~L. and {Gross}, E.~P. and {Krook}, M.},
    title = "{A Model for Collision Processes in Gases. I. Small Amplitude Processes in Charged and Neutral One-Component Systems}",
  journal = {Physical Review},
     year = 1954,
    month = may,
   volume = 94,
    pages = {511-525},
      doi = {10.1103/PhysRev.94.511},
   adsurl = {http://adsabs.harvard.edu/abs/1954PhRv...94..511B},
  adsnote = {Provided by the SAO/NASA Astrophysics Data System}
}

@ARTICLE{2010arXiv1009.3352F,
   author = {{Filbet}, F. and {Hu}, J. and {Jin}, S.},
    title = "{A Numerical Scheme for the Quantum Boltzmann Equation Efficient in the Fluid Regime}",
  journal = {ArXiv e-prints},
archivePrefix = "arXiv",
   eprint = {1009.3352},
 primaryClass = "math.NA",
 keywords = {Mathematics - Numerical Analysis},
     year = 2010,
    month = sep,
   adsurl = {http://adsabs.harvard.edu/abs/2010arXiv1009.3352F},
  adsnote = {Provided by the SAO/NASA Astrophysics Data System}
}

@ARTICLE{2018arXiv180706209P,
   author = {{Planck Collaboration} and {Aghanim}, N. and {Akrami}, Y. and 
	{Ashdown}, M. and {Aumont}, J. and {Baccigalupi}, C. and {Ballardini}, M. and 
	{Banday}, A.~J. and {Barreiro}, R.~B. and {Bartolo}, N. and 
	{Basak}, S. and {Battye}, R. and {Benabed}, K. and {Bernard}, J.-P. and 
	{Bersanelli}, M. and {Bielewicz}, P. and {Bock}, J.~J. and {Bond}, J.~R. and 
	{Borrill}, J. and {Bouchet}, F.~R. and {Boulanger}, F. and {Bucher}, M. and 
	{Burigana}, C. and {Butler}, R.~C. and {Calabrese}, E. and {Cardoso}, J.-F. and 
	{Carron}, J. and {Challinor}, A. and {Chiang}, H.~C. and {Chluba}, J. and 
	{Colombo}, L.~P.~L. and {Combet}, C. and {Contreras}, D. and 
	{Crill}, B.~P. and {Cuttaia}, F. and {de Bernardis}, P. and 
	{de Zotti}, G. and {Delabrouille}, J. and {Delouis}, J.-M. and 
	{Di Valentino}, E. and {Diego}, J.~M. and {Dor{\'e}}, O. and 
	{Douspis}, M. and {Ducout}, A. and {Dupac}, X. and {Dusini}, S. and 
	{Efstathiou}, G. and {Elsner}, F. and {En{\ss}lin}, T.~A. and 
	{Eriksen}, H.~K. and {Fantaye}, Y. and {Farhang}, M. and {Fergusson}, J. and 
	{Fernandez-Cobos}, R. and {Finelli}, F. and {Forastieri}, F. and 
	{Frailis}, M. and {Franceschi}, E. and {Frolov}, A. and {Galeotta}, S. and 
	{Galli}, S. and {Ganga}, K. and {G{\'e}nova-Santos}, R.~T. and 
	{Gerbino}, M. and {Ghosh}, T. and {Gonz{\'a}lez-Nuevo}, J. and 
	{G{\'o}rski}, K.~M. and {Gratton}, S. and {Gruppuso}, A. and 
	{Gudmundsson}, J.~E. and {Hamann}, J. and {Handley}, W. and 
	{Herranz}, D. and {Hivon}, E. and {Huang}, Z. and {Jaffe}, A.~H. and 
	{Jones}, W.~C. and {Karakci}, A. and {Keih{\"a}nen}, E. and 
	{Keskitalo}, R. and {Kiiveri}, K. and {Kim}, J. and {Kisner}, T.~S. and 
	{Knox}, L. and {Krachmalnicoff}, N. and {Kunz}, M. and {Kurki-Suonio}, H. and 
	{Lagache}, G. and {Lamarre}, J.-M. and {Lasenby}, A. and {Lattanzi}, M. and 
	{Lawrence}, C.~R. and {Le Jeune}, M. and {Lemos}, P. and {Lesgourgues}, J. and 
	{Levrier}, F. and {Lewis}, A. and {Liguori}, M. and {Lilje}, P.~B. and 
	{Lilley}, M. and {Lindholm}, V. and {L{\'o}pez-Caniego}, M. and 
	{Lubin}, P.~M. and {Ma}, Y.-Z. and {Mac{\'{\i}}as-P{\'e}rez}, J.~F. and 
	{Maggio}, G. and {Maino}, D. and {Mandolesi}, N. and {Mangilli}, A. and 
	{Marcos-Caballero}, A. and {Maris}, M. and {Martin}, P.~G. and 
	{Martinelli}, M. and {Mart{\'{\i}}nez-Gonz{\'a}lez}, E. and 
	{Matarrese}, S. and {Mauri}, N. and {McEwen}, J.~D. and {Meinhold}, P.~R. and 
	{Melchiorri}, A. and {Mennella}, A. and {Migliaccio}, M. and 
	{Millea}, M. and {Mitra}, S. and {Miville-Desch{\^e}nes}, M.-A. and 
	{Molinari}, D. and {Montier}, L. and {Morgante}, G. and {Moss}, A. and 
	{Natoli}, P. and {N{\o}rgaard-Nielsen}, H.~U. and {Pagano}, L. and 
	{Paoletti}, D. and {Partridge}, B. and {Patanchon}, G. and {Peiris}, H.~V. and 
	{Perrotta}, F. and {Pettorino}, V. and {Piacentini}, F. and 
	{Polastri}, L. and {Polenta}, G. and {Puget}, J.-L. and {Rachen}, J.~P. and 
	{Reinecke}, M. and {Remazeilles}, M. and {Renzi}, A. and {Rocha}, G. and 
	{Rosset}, C. and {Roudier}, G. and {Rubi{\~n}o-Mart{\'{\i}}n}, J.~A. and 
	{Ruiz-Granados}, B. and {Salvati}, L. and {Sandri}, M. and {Savelainen}, M. and 
	{Scott}, D. and {Shellard}, E.~P.~S. and {Sirignano}, C. and 
	{Sirri}, G. and {Spencer}, L.~D. and {Sunyaev}, R. and {Suur-Uski}, A.-S. and 
	{Tauber}, J.~A. and {Tavagnacco}, D. and {Tenti}, M. and {Toffolatti}, L. and 
	{Tomasi}, M. and {Trombetti}, T. and {Valenziano}, L. and {Valiviita}, J. and 
	{Van Tent}, B. and {Vibert}, L. and {Vielva}, P. and {Villa}, F. and 
	{Vittorio}, N. and {Wandelt}, B.~D. and {Wehus}, I.~K. and {White}, M. and 
	{White}, S.~D.~M. and {Zacchei}, A. and {Zonca}, A.},
    title = "{Planck 2018 results. VI. Cosmological parameters}",
  journal = {ArXiv e-prints},
archivePrefix = "arXiv",
   eprint = {1807.06209},
 keywords = {Astrophysics - Cosmology and Nongalactic Astrophysics},
     year = 2018,
    month = jul,
   adsurl = {http://adsabs.harvard.edu/abs/2018arXiv180706209P},
  adsnote = {Provided by the SAO/NASA Astrophysics Data System}
}

@ARTICLE{2008ApJ6791173R,
   author = {{Randall}, S.~W. and {Markevitch}, M. and {Clowe}, D. and {Gonzalez}, A.~H. and 
	{Brada{\v c}}, M.},
    title = "{Constraints on the Self-Interaction Cross Section of Dark Matter from Numerical Simulations of the Merging Galaxy Cluster 1E 0657-56}",
  journal = {\apj},
archivePrefix = "arXiv",
   eprint = {0704.0261},
 keywords = {dark matter, galaxies: clusters: individual: 1E 0657{\ndash}56, large-scale structure of universe, methods: numerical},
     year = 2008,
    month = jun,
   volume = 679,
    pages = {1173-1180},
      doi = {10.1086/587859},
   adsurl = {https://ui.adsabs.harvard.edu/abs/2008ApJ...679.1173R},
  adsnote = {Provided by the SAO/NASA Astrophysics Data System}
}

@ARTICLE{2017MNRAS465569R,
   author = {{Robertson}, A. and {Massey}, R. and {Eke}, V.},
    title = "{What does the Bullet Cluster tell us about self-interacting dark matter?}",
  journal = {\mnras},
archivePrefix = "arXiv",
   eprint = {1605.04307},
 keywords = {astroparticle physics, galaxies: clusters: individual: The Bullet Cluster, cosmology: theory, dark matter},
     year = 2017,
    month = feb,
   volume = 465,
    pages = {569-587},
      doi = {10.1093/mnras/stw2670},
   adsurl = {https://ui.adsabs.harvard.edu/abs/2017MNRAS.465..569R},
  adsnote = {Provided by the SAO/NASA Astrophysics Data System}
}

@ARTICLE{2003MNRAS342199C,
   author = {{Corbelli}, E.},
    title = "{Dark matter and visible baryons in M33}",
  journal = {\mnras},
   eprint = {astro-ph/0302318},
 keywords = {stars: formation, ISM: molecules, galaxies: haloes, galaxies: individual: M33, galaxies: kinematics and dynamics, dark matter},
     year = 2003,
    month = jun,
   volume = 342,
    pages = {199-207},
      doi = {10.1046/j.1365-8711.2003.06531.x},
   adsurl = {https://ui.adsabs.harvard.edu/abs/2003MNRAS.342..199C},
  adsnote = {Provided by the SAO/NASA Astrophysics Data System}
}

@ARTICLE{2016MNRAS456L54P,
   author = {{Pe{\~n}arrubia}, J. and {G{\'o}mez}, F.~A. and {Besla}, G. and 
	{Erkal}, D. and {Ma}, Y.-Z.},
    title = "{A timing constraint on the (total) mass of the Large Magellanic Cloud}",
  journal = {\mnras},
archivePrefix = "arXiv",
   eprint = {1507.03594},
 keywords = {Galaxy: kinematics and dynamics, galaxies: evolution},
     year = 2016,
    month = feb,
   volume = 456,
    pages = {L54-L58},
      doi = {10.1093/mnrasl/slv160},
   adsurl = {https://ui.adsabs.harvard.edu/abs/2016MNRAS.456L..54P},
  adsnote = {Provided by the SAO/NASA Astrophysics Data System}
}


@ARTICLE{2009MNRAS395342B,
   author = {{Bekki}, K. and {Stanimirovi{\'c}}, S.},
    title = "{The total mass and dark halo properties of the Small Magellanic Cloud}",
  journal = {\mnras},
archivePrefix = "arXiv",
   eprint = {0807.2102},
 keywords = {galaxies: dwarf , galaxies: kinematics and dynamics , galaxies: star clusters , galaxies: structure},
     year = 2009,
    month = may,
   volume = 395,
    pages = {342-350},
      doi = {10.1111/j.1365-2966.2009.14514.x},
   adsurl = {https://ui.adsabs.harvard.edu/abs/2009MNRAS.395..342B},
  adsnote = {Provided by the SAO/NASA Astrophysics Data System}
}


@ARTICLE{2002PhT....55l..58S,
   author = {{Succi}, S. and {Yeomans}, J.~M.},
    title = "{The Lattice Boltzmann Equation for Fluid Dynamics and Beyond}",
  journal = {Physics Today},
 keywords = {Navier-Stokes equations, flow, viscosity, velocity, turbulence, lattice gas, cellular automata, calculation, algorithm theory, Boltzmann equation, porous materials},
     year = 2002,
    month = dec,
   volume = 55,
   number = 12,
    pages = {58-60},
      doi = {10.1063/1.1537916},
   adsurl = {https://ui.adsabs.harvard.edu/abs/2002PhT....55l..58S},
  adsnote = {Provided by the SAO/NASA Astrophysics Data System}
}

@book{book:460703,
   title =     {The Lattice Boltzmann Equation for Fluid Dynamics and Beyond (Numerical Mathematics and Scientific Computation)},
   author =    {Sauro Succi},
   publisher = {Oxford University Press, USA},
   isbn =      {0198503989,9780198503989},
   year =      {2001},
}

@article{Gershtein:1966gg,
      author         = "Gershtein, S. S. and Zeldovich, {\relax Ya}. B.",
      title          = "{Rest Mass of Muonic Neutrino and Cosmology}",
      journal        = "JETP Lett.",
      volume         = "4",
      year           = "1966",
      pages          = "120-122",
      note           = "[,58(1966)]"
}

@book{griffiths,
   title =     {Introduction to elementary particles},
   author =    {David Griffiths},
   publisher = {John Wiley and Sons Inc},
   isbn =      {9780471603863,9783527618477,0471603864},
   year =      {1987},
}

@book{lahiri,
   title =     {A First Book of Quantum Field Theory, 2nd Edition},
   author =    {Amitabha Lahiri, Palash B. Pall},
   publisher = {CRC Press},
   isbn =      {0849338972,9780849338977},
   year =      {2005},
   series =    {},
   edition =   {2nd Edition},
   volume =    {},
}
